00559cas a22002171a 4500
001 9917737273502836
003 Nz
005 20161223172958.0
008 031218m1898uuuunz  r ne      000 0 eng d
035    $a (Nz)8131167
035    $a (NLNZils)1773727-ilsdb
040    $a WN $c WN
042    $a nznb
043    $a u-nz---
245 00 $a Auckland city and suburban advertiser.
260    $a Auckland [N.Z.]
310    $a Weekly?
362 0  $a 1898?-?
500    $a Incorporates Newton sun.
651  0 $a Auckland (N.Z.) $v Newspapers.
655  7 $a New Zealand newspapers. $2 local $5 Nz
